@article{Arregui-Mena2022,
  author    = {José David Arregui-Mena and Robert N. Worth and William Bodel and Benjamin März and Wenjing Li and Anne A. Campbell and Ercan Cakmak and Nidia Gallego and Cristian Contescu and Philip D. Edmondson},
  title     = {Multiscale characterization and comparison of historical and modern nuclear graphite grades},
  journal   = {Materials Characterization},
  volume    = {190},
  pages     = {112047},
  year      = {2022},
  doi       = {10.1016/j.matchar.2022.112047}
}

@misc{ASTM2019,
  author       = {{ASTM International}},
  title        = {{D7219-19 Standard Specification for Isotropic and Near-isotropic Nuclear Graphites}},
  institution  = {ASTM International},
  address      = {West Conshohocken, PA},
  year         = {2019},
  note         = {Published August 2019; supersedes D7219-08R14}
}

@article{Contescu2019,
  author    = {Cristian I. Contescu and José D. Arregui-Mena and Anne A. Campbell and Philip D. Edmondson and Nidia C. Gallego and Kentaro Takizawa and Yutai Katoh},
  title     = {Development of mesopores in superfine grain graphite neutron-irradiated at high fluence},
  journal   = {Carbon},
  volume    = {141},
  pages     = {663--675},
  year      = {2019},
  doi       = {10.1016/j.carbon.2018.08.039}
}

@article{daSilva2023,
  author    = {Marly Terezinha Quadri Simões da Silva and Felipe Perretto and Marianna do Rocio Cardoso and Wellington Mazer},
  title     = {Porosity: Some characterization techniques},
  journal   = {Materials Today: Proceedings},
  year      = {2023},
  doi       = {10.1016/j.matpr.2023.03.716}
}

@article{Dusevich2010,
  author    = {V.~M. Dusevich and J.~H. Purk and J.~D. Eick},
  title     = {Choosing the right accelerating voltage for SEM (An introduction for beginners)},
  journal   = {Microscopy Today},
  volume    = {18},
  number    = {1},
  pages     = {48--52},
  year      = {2010},
  doi       = {10.1017/S1551929510991190}
}

@article{Fang2022,
  author    = {N.~Fang and R.~Birch and T.~B. Britton},
  title     = {Optimizing broad ion beam polishing of zircaloy-4 for electron backscatter diffraction analysis},
  journal   = {Micron},
  volume    = {159},
  pages     = {103268},
  year      = {2022},
  doi       = {10.1016/j.micron.2022.103268}
}

@book{Goldstein2003,
  author    = {Joseph I. Goldstein and Dale E. Newbury and Patrick Echlin and David C. Joy and Charles E. Lyman and Eric Lifshin and Linda Sawyer and Joseph R. Michael},
  title     = {Scanning Electron Microscopy and X-Ray Microanalysis},
  edition   = {3},
  publisher = {Springer Science+Business Media},
  address   = {New York},
  year      = {2003},
  isbn      = {978-1-4613-4969-3},
  doi       = {10.1007/978-1-4615-0215-9}
}

@article{HuangTang2019,
  author    = {Q.~Huang and H.~Tang},
  title     = {Porosity analysis of superfine-grain graphite IG-110 and ultrafine-grain graphite T220},
  journal   = {Materials Science and Technology},
  volume    = {35},
  number    = {8},
  pages     = {962--968},
  year      = {2019},
  doi       = {10.1080/02670836.2019.1599557}
}

@article{Huang2014,
  author    = {W.-H. Huang and others},
  title     = {The relationship between microstructure and oxidation effects of selected IG- and NBG-grade nuclear graphites},
  journal   = {Journal of Nuclear Materials},
  volume    = {454},
  number    = {1},
  pages     = {149--158},
  year      = {2014},
  doi       = {10.1016/j.jnucmat.2014.07.052}
}

@techreport{IEA2025,
  author       = {{International Energy Agency}},
  title        = {The Path to a New Era for Nuclear Energy},
  institution  = {International Energy Agency},
  month        = jan,
  year         = {2025},
  url          = {https://www.iea.org/reports/the-path-to-a-new-era-for-nuclear-energy/executive-summary},
  note         = {Accessed 24 April 2025}
}

@article{Jones2018,
  author    = {K.~L. Jones and G.~M. Laudone and G.~P. Matthews},
  title     = {A multi-technique experimental and modelling study of the porous structure of IG-110 and IG-430 nuclear graphite},
  journal   = {Carbon},
  volume    = {128},
  pages     = {1--11},
  year      = {2018},
  doi       = {10.1016/j.carbon.2017.11.076}
}

@article{Jones2020,
  author    = {Katie L. Jones and G. Peter Matthews and Giuliano M. Laudone},
  title     = {The effect of irradiation and radiolytic oxidation on the porous space of Gilsocarbon nuclear graphite measured with mercury porosimetry and helium pycnometry},
  journal   = {Carbon},
  volume    = {158},
  pages     = {256--266},
  year      = {2020},
  doi       = {10.1016/j.carbon.2019.11.084}
}

@article{Kane2011,
  author    = {J.~Kane and others},
  title     = {Microstructural characterization and pore structure analysis of nuclear graphite},
  journal   = {Journal of Nuclear Materials},
  volume    = {415},
  number    = {2},
  pages     = {189--197},
  year      = {2011},
  doi       = {10.1016/j.jnucmat.2011.05.053}
}

@article{Kane2018,
  author    = {Joshua J. Kane and Austin C. Matthews and Christopher J. Orme and Cristian I. Contescu and W. David Swank and William E. Windes},
  title     = {Effective gaseous diffusion coefficients of select ultra-fine, super-fine and medium grain nuclear graphite},
  journal   = {Carbon},
  volume    = {136},
  pages     = {369--379},
  year      = {2018},
  doi       = {10.1016/j.carbon.2018.05.003}
}

@misc{Kim2010,
  author       = {E.~S. Kim and J.~S. Song and S.~D. Hong},
  title        = {Characterization of pore structure of nuclear grade graphite using image analysis technique and mercury porosimetry},
  howpublished = {\url{https://www.osti.gov/etdeweb/biblio/21493402}},
  note         = {Accessed 10 January 2025},
  year         = {2010}
}

@inproceedings{Kim2012,
  author       = {Eung Seon Kim and Ji Seon Song and Sung Deok Hong and Yong Wan Kim},
  title        = {Porosity of nuclear grade graphite},
  booktitle    = {Proceedings of the 2012 Spring Meeting of the Korean Nuclear Society},
  organization = {Korean Nuclear Society},
  address      = {Jeju, Korea},
  month        = may,
  year         = {2012},
  note         = {Corresponding author: kimes@kaeri.re.kr}
}

@inproceedings{Kuglin1975,
  author    = {C.~D. Kuglin and D.~C. Hines},
  title     = {The Phase Correlation Image Alignment Method},
  booktitle = {Proceedings of the International Conference on Cybernetics and Society},
  pages     = {163--165},
  year      = {1975}
}

@article{Laudone2014,
  author    = {Giuliano M. Laudone and Christopher M. Gribble and G. Peter Matthews},
  title     = {Characterisation of the porous structure of Gilsocarbon graphite using pycnometry, cyclic porosimetry and void-network modeling},
  journal   = {Carbon},
  volume    = {73},
  pages     = {61--70},
  year      = {2014},
  doi       = {10.1016/j.carbon.2014.02.037}
}

@article{Lee2015,
  author    = {Sang-Min Lee and Dong-Su Kang and Hye-Sung Kim and Jea-Seung Roh},
  title     = {Changes in the porosity of bulk graphite according to the viscosity of resin for impregnation},
  journal   = {Carbon Letters},
  volume    = {16},
  number    = {2},
  pages     = {132--134},
  year      = {2015},
  doi       = {10.5714/CL.2015.16.2.132}
}

@article{Marsden2016,
  author    = {B.~J. Marsden and M. Haverty and W. Bodel and G.~N. Hall and A.~N. Jones and P.~M. Mummery and M. Treifi},
  title     = {Dimensional change, irradiation creep and thermal/mechanical property changes in nuclear graphite},
  journal   = {International Materials Reviews},
  volume    = {61},
  number    = {3},
  pages     = {155--182},
  year      = {2016},
  doi       = {10.1080/09506608.2015.1136460}
}

@article{Matthews2018,
  author    = {G. Peter Matthews and Charlotte L. Levy and Giuliano M. Laudone and Katie L. Jones and Cathy J. Ridgway and Ingrid L. Hallin and S. Andrea Gazze and Lewis Francis and W. Richard Whalley and Joachim Schoelkopf and Patrick A. C. Gane},
  title     = {Improved interpretation of mercury intrusion and soil water retention percolation characteristics by inverse modelling and void cluster analysis},
  journal   = {Transport in Porous Media},
  volume    = {124},
  pages     = {631--653},
  year      = {2018},
  doi       = {10.1007/s11242-018-1134-3}
}

@manual{Matthews2025,
  author       = {G. Peter Matthews},
  title        = {PoreXpert User Manual: A comprehensive guide to version 3},
  organization = {PoreXpert Ltd},
  address      = {Plymouth, UK},
  edition      = {3},
  year         = {2025},
  url          = {https://www.porexpert.com/}
}

@misc{NCBI2025,
  author    = {National Center for Biotechnology Information},
  title     = {PubChem Compound Summary for Graphite},
  note      = {Retrieved 16 January 2025},
  year      = {2025},
  url       = {https://pubchem.ncbi.nlm.nih.gov/compound/Graphite}
}

@article{Otsu1979,
  author    = {Nobuyuki Otsu},
  title     = {A threshold selection method from gray-level histograms},
  journal   = {IEEE Transactions on Systems, Man, and Cybernetics},
  volume    = {9},
  number    = {1},
  pages     = {62--66},
  year      = {1979},
  doi       = {10.1109/TSMC.1979.4310076}
}

@article{Paul2022,
  author    = {Ryan M. Paul and Jose D. Arregui-Mena and Cristian I. Contescu and Nidia C. Gallego},
  title     = {Effect of microstructure and temperature on nuclear graphite oxidation using the 3D Random Pore Model},
  journal   = {Carbon},
  volume    = {191},
  pages     = {132--145},
  year      = {2022},
  doi       = {10.1016/j.carbon.2022.01.041}
}

@article{Preibisch2009,
  author    = {Stephan Preibisch and Stephan Saalfeld and Pavel Tomancak},
  title     = {Globally optimal stitching of tiled 3D microscopic image acquisitions},
  journal   = {Bioinformatics},
  volume    = {25},
  number    = {11},
  pages     = {1463--1465},
  month     = {June},
  year      = {2009},
  doi       = {10.1093/bioinformatics/btp184},
  pmid      = {19346324},
  pmcid     = {PMC2682522}
}

@article{Ridler1978,
  author    = {T.~W. Ridler and S. Calvard},
  title     = {Picture thresholding using an iterative selection method},
  journal   = {IEEE Transactions on Systems, Man, and Cybernetics},
  year = {1978},
  volume    = {SMC-8},
  number    = {8},
  pages     = {630--632},
 
